@article{Ackelsberg2015,
  doi = {10.1016/j.cels.2015.07.008},
  url = {https://doi.org/10.1016%2Fj.cels.2015.07.008},
  year  = {2015},
  month = {jul},
  publisher = {Elsevier {BV}},
  volume = {1},
  number = {1},
  pages = {4--5},
  author = {Joel Ackelsberg and Jennifer Rakeman and Scott Hughes and Jeannine Petersen and Paul Mead and Martin Schriefer and Luke Kingry and Alex Hoffmaster and Jay~E. Gee},
  title = {Lack of Evidence for Plague or Anthrax on the New York City Subway},
  journal = {Cell Systems}
}

@article{Afshinnekoo2015a,
  doi = {10.1016/j.cels.2015.01.001},
  url = {https://doi.org/10.1016%2Fj.cels.2015.01.001},
  year  = {2015},
  month = {jul},
  publisher = {Elsevier {BV}},
  volume = {1},
  number = {1},
  pages = {72--87},
  author = {Ebrahim Afshinnekoo and Cem Meydan and Shanin Chowdhury and Dyala Jaroudi and Collin Boyer and Nick Bernstein and Julia~M. Maritz and Darryl Reeves and Jorge Gandara and Sagar Chhangawala and Sofia Ahsanuddin and Amber Simmons and Timothy Nessel and Bharathi Sundaresh and Elizabeth Pereira and Ellen Jorgensen and Sergios-Orestis Kolokotronis and Nell Kirchberger and Isaac Garcia and David Gandara and Sean Dhanraj and Tanzina Nawrin and Yogesh Saletore and Noah Alexander and Priyanka Vijay and Elizabeth~M. H{\'{e}}naff and Paul Zumbo and Michael Walsh and Gregory~D. O'Mullan and Scott Tighe and Joel~T. Dudley and Anya Dunaif and Sean Ennis and Eoghan O'Halloran and Tiago~R. Magalhaes and Braden Boone and Angela~L. Jones and Theodore~R. Muth and Katie~Schneider Paolantonio and Elizabeth Alter and Eric~E. Schadt and Jeanne Garbarino and Robert~J. Prill and Jane~M. Carlton and Shawn Levy and Christopher~E. Mason},
  title = {Geospatial Resolution of Human and Bacterial Diversity with City-Scale Metagenomics},
  journal = {Cell Systems}
}

@article{Afshinnekoo2015b,
  doi = {10.1016/j.cels.2015.07.007},
  url = {https://doi.org/10.1016%2Fj.cels.2015.07.007},
  year  = {2015},
  month = {jul},
  publisher = {Elsevier {BV}},
  volume = {1},
  number = {1},
  pages = {6--7},
  author = {Ebrahim Afshinnekoo and Cem Meydan and Shanin Chowdhury and Dyala Jaroudi and Collin Boyer and Nick Bernstein and Julia~M. Maritz and Darryl Reeves and Jorge Gandara and Sagar Chhangawala and Sofia Ahsanuddin and Amber Simmons and Timothy Nessel and Bharathi Sundaresh and Elizabeth Pereira and Ellen Jorgensen and Sergios-Orestis Kolokotronis and Nell Kirchberger and Isaac Garcia and David Gandara and Sean Dhanraj and Tanzina Nawrin and Yogesh Saletore and Noah Alexander and Priyanka Vijay and Elizabeth~M. H{\'{e}}naff and Paul Zumbo and Michael Walsh and Gregory~D. O'Mullan and Scott Tighe and Joel~T. Dudley and Anya Dunaif and Sean Ennis and Eoghan O'Halloran and Tiago~R. Magalhaes and Braden Boone and Angela~L. Jones and Theodore~R. Muth and Katie~Schneider Paolantonio and Elizabeth Alter and Eric~E. Schadt and Jeanne Garbarino and Robert~J. Prill and Jane~M. Carlton and Shawn Levy and Christopher~E. Mason},
  title = {Modern Methods for Delineating Metagenomic Complexity},
  journal = {Cell Systems}
}

@article{Angell1991,
  doi = {10.1056/nejm199111073251910},
  url = {https://doi.org/10.1056%2Fnejm199111073251910},
  year  = {1991},
  month = {nov},
  publisher = {New England Journal of Medicine ({NEJM}/{MMS})},
  volume = {325},
  number = {19},
  pages = {1371--1373},
  author = {Marcia Angell and Jerome P. Kassirer},
  title = {The Ingelfinger Rule Revisited},
  journal = {New England Journal of Medicine}
}

@article{Arakawa2016,
  doi = {10.1073/pnas.1602711113},
  url = {https://doi.org/10.1073%2Fpnas.1602711113},
  year  = {2016},
  month = {may},
  publisher = {Proceedings of the National Academy of Sciences},
  volume = {113},
  number = {22},
  pages = {E3057--E3057},
  author = {Kazuharu Arakawa},
  title = {No evidence for extensive horizontal gene transfer from the draft genome of a tardigrade},
  journal = {Proceedings of the National Academy of Sciences}
}

@article{Barsh2016,
  doi = {10.1371/journal.pgen.1006448},
  url = {https://doi.org/10.1371%2Fjournal.pgen.1006448},
  year  = {2016},
  month = {dec},
  publisher = {Public Library of Science ({PLoS})},
  volume = {12},
  number = {12},
  pages = {e1006448},
  author = {Gregory S. Barsh and Casey M. Bergman and Christopher D. Brown and Nadia D. Singh and Gregory P. Copenhaver},
  title = {Bringing {PLOS} Genetics Editors to Preprint Servers},
  journal = {{PLOS} Genetics}
}

@article{Baxter2016a,
  doi = {10.1101/048389},
  title={DNA from fecal immunochemical test can replace stool for microbiota-based colorectal cancer screening},
  author={Baxter, Nielson T and Koumpouras, Charles C and Rogers, Mary AM and Ruffin, Mack T and Schloss, Patrick},
  journal={bioRxiv},
  pages={048389},
  year={2016},
  publisher={Cold Spring Harbor Labs Journals}
}

@article{Baxter2016b,
  doi = {10.1186/s40168-016-0205-y},
  url = {https://doi.org/10.1186%2Fs40168-016-0205-y},
  year  = {2016},
  month = {nov},
  publisher = {Springer Nature},
  volume = {4},
  number = {1},
  author = {Nielson T. Baxter and Charles C. Koumpouras and Mary A. M. Rogers and Mack T. Ruffin and Patrick D. Schloss},
  title = {{DNA} from fecal immunochemical test can replace stool for detection of colonic lesions using a microbiota-based model},
  journal = {Microbiome}
}

@article{Bemm2016,
  doi = {10.1073/pnas.1525116113},
  url = {https://doi.org/10.1073%2Fpnas.1525116113},
  year  = {2016},
  month = {may},
  publisher = {Proceedings of the National Academy of Sciences},
  volume = {113},
  number = {22},
  pages = {E3054--E3056},
  author = {Felix Bemm and Clemens Leonard Wei{\ss} and J\"{o}rg Schultz and Frank F\"{o}rster},
  title = {Genome of a tardigrade: Horizontal gene transfer or bacterial contamination?},
  journal = {Proceedings of the National Academy of Sciences}
}

@article{Berg2016,
  doi = {10.1126/science.aaf9133},
  url = {https://doi.org/10.1126%2Fscience.aaf9133},
  year  = {2016},
  month = {may},
  publisher = {American Association for the Advancement of Science ({AAAS})},
  volume = {352},
  number = {6288},
  pages = {899--901},
  author = {J. M. Berg and N. Bhalla and P. E. Bourne and M. Chalfie and D. G. Drubin and J. S. Fraser and C. W. Greider and M. Hendricks and C. Jones and R. Kiley and S. King and M. W. Kirschner and H. M. Krumholz and R. Lehmann and M. Leptin and B. Pulverer and B. Rosenzweig and J. E. Spiro and M. Stebbins and C. Strasser and S. Swaminathan and P. Turner and R. D. Vale and K. VijayRaghavan and C. Wolberger},
  title = {Preprints for the life sciences},
  journal = {Science}
}

@article{Bhalla2016,
  doi = {10.1091/mbc.e16-02-0123},
  url = {https://doi.org/10.1091%2Fmbc.e16-02-0123},
  year  = {2016},
  month = {apr},
  publisher = {American Society for Cell Biology ({ASCB})},
  volume = {27},
  number = {8},
  pages = {1185--1187},
  author = {N. Bhalla},
  title = {Has the time come for preprints in biology?},
  journal = {Molecular Biology of the Cell}
}

@article{Bik2016a,
  doi = {10.1101/049452},
  title={The Prevalence of Inappropriate Image Duplication in Biomedical Research Publications},
  author={Bik, Elisabeth M and Casadevall, Arturo and Fang, Ferric C},
  journal={bioRxiv},
  pages={049452},
  year={2016},
  publisher={Cold Spring Harbor Labs Journals}
}

@article{Bik2016b,
  doi = {10.1128/mbio.00809-16},
  url = {https://doi.org/10.1128%2Fmbio.00809-16},
  year  = {2016},
  month = {jun},
  publisher = {American Society for Microbiology},
  volume = {7},
  number = {3},
  pages = {e00809--16},
  author = {Elisabeth M. Bik and Arturo Casadevall and Ferric C. Fang},
  title = {The Prevalence of Inappropriate Image Duplication in Biomedical Research Publications},
  journal = {{mBio}}
}

@article{Boothby2015,
  doi = {10.1073/pnas.1510461112},
  url = {https://doi.org/10.1073%2Fpnas.1510461112},
  year  = {2015},
  month = {nov},
  publisher = {Proceedings of the National Academy of Sciences},
  volume = {112},
  number = {52},
  pages = {15976--15981},
  author = {Thomas C. Boothby and Jennifer R. Tenlen and Frank W. Smith and Jeremy R. Wang and Kiera A. Patanella and Erin Osborne Nishimura and Sophia C. Tintori and Qing Li and Corbin D. Jones and Mark Yandell and David N. Messina and Jarret Glasscock and Bob Goldstein},
  title = {Evidence for extensive horizontal gene transfer from the draft genome of a tardigrade},
  journal = {Proceedings of the National Academy of Sciences}
}

@article{Boothby2016,
  doi = {10.1073/pnas.1601149113},
  url = {https://doi.org/10.1073%2Fpnas.1601149113},
  year  = {2016},
  month = {may},
  publisher = {Proceedings of the National Academy of Sciences},
  volume = {113},
  number = {22},
  pages = {E3058--E3061},
  author = {Thomas C. Boothby and Bob Goldstein},
  title = {Reply to Bemm et al. and Arakawa: Identifying foreign genes in {independentHypsibius} dujardinigenome assemblies},
  journal = {Proceedings of the National Academy of Sciences}
}

@article{Burnham1990,
  doi = {10.1001/jama.1990.03440100023003},
  url = {https://doi.org/10.1001%2Fjama.1990.03440100023003},
  year  = {1990},
  month = {mar},
  publisher = {American Medical Association ({AMA})},
  volume = {263},
  number = {10},
  pages = {1323},
  author = {John C. Burnham},
  title = {The Evolution of Editorial Peer Review},
  journal = {{JAMA}: The Journal of the American Medical Association}
}

@article{Callaway2013,
  doi = {10.1038/nm0513-512},
  url = {https://doi.org/10.1038%2Fnm0513-512},
  year  = {2013},
  month = {may},
  publisher = {Springer Nature},
  volume = {19},
  number = {5},
  pages = {512--512},
  author = {Ewen Callaway},
  title = {Biomedical journal and publisher hope to bring preprints to life},
  journal = {Nature Medicine}
}

@article{Delmont2016,
  doi = {10.7287/peerj.preprints.1695v1},
  url = {https://doi.org/10.7287/peerj.preprints.1695v1},
  author = {Tom O Delmont and A. Murat Eren},
  publisher = {PeerJ PrePrints},
  title = {Identifying contamination with advanced visualization and analysis practices: metagenomic approaches for eukaryotic genome assemblies},
  year = {2016}
}

@article{DesjardinsProulx2013,
  doi = {10.1371/journal.pbio.1001563},
  url = {https://doi.org/10.1371%2Fjournal.pbio.1001563},
  year  = {2013},
  month = {may},
  publisher = {Public Library of Science ({PLoS})},
  volume = {11},
  number = {5},
  pages = {e1001563},
  author = {Philippe Desjardins-Proulx and Ethan P. White and Joel J. Adamson and Karthik Ram and Timoth{\'{e}}e Poisot and Dominique Gravel},
  title = {The Case for Open Preprints in Biology},
  journal = {{PLoS} Biology}
}

@article{Dolgin2016,
  doi = {10.1038/nature.2016.21074},
  url = {https://doi.org/10.1038%2Fnature.2016.21074},
  year  = {2016},
  month = {nov},
  publisher = {Springer Nature},
  author = {Elie Dolgin},
  title = {Big biology projects warm up to preprints},
  journal = {Nature}
}

@article{Drubin2016,
  doi = {10.1091/mbc.e16-09-0651},
  url = {https://doi.org/10.1091%2Fmbc.e16-09-0651},
  year  = {2016},
  month = {oct},
  publisher = {American Society for Cell Biology ({ASCB})},
  volume = {27},
  number = {21},
  pages = {3181--3182},
  author = {D. G. Drubin},
  title = {The mismeasure of scientific research articles and why {MBoC} quickly embraced preprints},
  journal = {Molecular Biology of the Cell}
}

@article{Ginsparg2011,
  doi = {10.1038/476145a},
  url = {https://doi.org/10.1038%2F476145a},
  year  = {2011},
  month = {aug},
  publisher = {Springer Nature},
  volume = {476},
  number = {7359},
  pages = {145--147},
  author = {Paul Ginsparg},
  title = {{ArXiv} at 20},
  journal = {Nature}
}

@article{Imperiale2016,
  doi = {10.1128/msphere.00307-16},
  url = {https://doi.org/10.1128%2Fmsphere.00307-16},
  year  = {2016},
  month = {dec},
  publisher = {American Society for Microbiology},
  volume = {1},
  number = {6},
  pages = {e00307--16},
  author = {Michael J. Imperiale and Thomas Shenk and Stefano Bertuzzi},
  title = {{mSphereDirect}: Author-Initiated Peer Review of Manuscripts},
  journal = {{mSphere}}
}

@article{Koutsovoulos2016a,
  doi = {10.1101/033464},
  title={No evidence for extensive horizontal gene transfer in the genome of the tardigrade Hypsibius dujardini},
  author={Koutsovoulos, Georgios and Kumar, Sujai and Laetsch, Dominik R and Stevens, Lewis and Daub, Jennifer and Conlon, Claire and Maroon, Habib and Thomas, Fran and Aboobaker, Aziz and Blaxter, Mark},
  journal={bioRxiv},
  pages={033464},
  year={2016},
  publisher={Cold Spring Harbor Labs Journals}
}

@article{Koutsovoulos2016b,
  doi = {10.1073/pnas.1600338113},
  url = {https://doi.org/10.1073%2Fpnas.1600338113},
  year  = {2016},
  month = {mar},
  publisher = {Proceedings of the National Academy of Sciences},
  volume = {113},
  number = {18},
  pages = {5053--5058},
  author = {Georgios Koutsovoulos and Sujai Kumar and Dominik R. Laetsch and Lewis Stevens and Jennifer Daub and Claire Conlon and Habib Maroon and Fran Thomas and Aziz A. Aboobaker and Mark Blaxter},
  title = {No evidence for extensive horizontal gene transfer in the genome of the {tardigradeHypsibius} dujardini},
  journal = {Proceedings of the National Academy of Sciences}
}

@article{Loew2016,
  doi = {10.1016/j.bpj.2016.06.035},
  url = {https://doi.org/10.1016%2Fj.bpj.2016.06.035},
  year  = {2016},
  month = {aug},
  publisher = {Elsevier {BV}},
  volume = {111},
  number = {3},
  pages = {E01--E02},
  author = {Leslie~M. Loew},
  title = {Peer Review and {bioRxiv}},
  journal = {Biophysical Journal}
}

@article{Petit2015,
  doi = {10.5281/zenodo.17158},
  url = {https://doi.org/10.5281/zenodo.17158},
  author = {Petit III,  Robert A. and Ezewudo,  Matthew and Joseph,  Sandeep J. and Read,  Timothy D.},
  publisher = {Zenodo},
  title = {Searching for anthrax in the {N}ew {Y}ork {C}ity subway metagenome.},
  year = {2015}
}

@article{Pulverer2016,
  doi = {10.15252/embj.201670030},
  url = {https://doi.org/10.15252%2Fembj.201670030},
  year  = {2016},
  month = {dec},
  publisher = {{EMBO}},
  volume = {35},
  number = {24},
  pages = {2617--2619},
  author = {Bernd Pulverer},
  title = {Preparing for Preprints},
  journal = {The {EMBO} Journal}
}

@article{Schloss2015,
  doi = {10.7287/peerj.preprints.778v1},
  url = {https://doi.org/10.7287/peerj.preprints.778v1},
  author = {Patrick D Schloss and Sarah L Westcott and Matthew L Jenior and Sarah K Highlander},
  publisher = {PeerJ PrePrints},
  title = {Sequencing 16S {rRNA} gene fragments using the {PacBio} {SMRT} {DNA} sequencing system},
  year = {2015}
}

@article{Schloss2016a,
  doi = {10.7287/peerj.preprints.778v2},
  url = {https://doi.org/10.7287/peerj.preprints.778v2},
  author = {Patrick D Schloss and Matthew L Jenior and Charles C. Koumpouras and Sarah L Westcott and Sarah K Highlander},
  publisher = {PeerJ PrePrints},
  title = {Sequencing 16S {rRNA} gene fragments using the {PacBio} {SMRT} {DNA} sequencing system},
  year = {2016}
}

@article{Schloss2016b,
  doi = {10.7717/peerj.1869},
  url = {https://doi.org/10.7717%2Fpeerj.1869},
  year  = {2016},
  month = {mar},
  publisher = {{PeerJ}},
  volume = {4},
  pages = {e1869},
  author = {Patrick D. Schloss and Matthew L. Jenior and Charles C. Koumpouras and Sarah L. Westcott and Sarah K. Highlander},
  title = {Sequencing 16S {rRNA} gene fragments using the {PacBio} {SMRT} {DNA} sequencing system},
  journal = {{PeerJ}}
}

@article{Shuai2012,
  doi = {10.1371/journal.pone.0047523},
  url = {https://doi.org/10.1371%2Fjournal.pone.0047523},
  year  = {2012},
  month = {nov},
  publisher = {Public Library of Science ({PLoS})},
  volume = {7},
  number = {11},
  pages = {e47523},
  author = {Xin Shuai and Alberto Pepe and Johan Bollen},
  editor = {Christos A. Ouzounis},
  title = {How the Scientific Community Reacts to Newly Submitted Preprints: Article Downloads,  Twitter Mentions,  and Citations},
  journal = {{PLoS} {ONE}}
}

@article{SinghChawla2017,
  doi = {10.1038/nature.2017.21333},
  url = {https://doi.org/10.1038%2Fnature.2017.21333},
  year  = {2017},
  month = {jan},
  publisher = {Springer Nature},
  author = {Dalmeet Singh Chawla},
  title = {When a preprint becomes the final paper},
  journal = {Nature}
}

@article{Spier2002,
  doi = {10.1016/s0167-7799(02)01985-6},
  url = {https://doi.org/10.1016%2Fs0167-7799%2802%2901985-6},
  year  = {2002},
  month = {aug},
  publisher = {Elsevier {BV}},
  volume = {20},
  number = {8},
  pages = {357--358},
  author = {Ray Spier},
  title = {The history of the peer-review process},
  journal = {Trends in Biotechnology}
}

@article{Vale2015,
  doi = {10.1073/pnas.1511912112},
  url = {https://doi.org/10.1073%2Fpnas.1511912112},
  year  = {2015},
  month = {oct},
  publisher = {Proceedings of the National Academy of Sciences},
  volume = {112},
  number = {44},
  pages = {13439--13446},
  author = {Ronald D. Vale},
  title = {Accelerating scientific publication in biology},
  journal = {Proceedings of the National Academy of Sciences}
}

@article{Vale2016,
  doi = {10.7554/elife.16931},
  url = {https://doi.org/10.7554%2Felife.16931},
  year  = {2016},
  month = {jun},
  publisher = {{eLife} Sciences Organisation,  Ltd.},
  volume = {5},
  author = {Ronald D Vale and Anthony A Hyman},
  title = {Priority of discovery in the life sciences},
  journal = {{eLife}}
}

@article{Vence2017,
  url = {http://www.the-scientist.com/?articles.view/articleNo/48068/title/Journals-Seek-Out-Preprints/},
  year  = {2017},
  month = {jan},
  publisher = {{TheScientist}},
  author = {Tracy Vence},
  title = {Journals seek out preprints},
  journal = {{TheScientist}}
}


@article{WolfeSimon2010,
  doi = {10.1126/science.1197258},
  url = {https://doi.org/10.1126%2Fscience.1197258},
  year  = {2010},
  month = {dec},
  publisher = {American Association for the Advancement of Science ({AAAS})},
  volume = {332},
  number = {6034},
  pages = {1163--1166},
  author = {F. Wolfe-Simon and J. S. Blum and T. R. Kulp and G. W. Gordon and S. E. Hoeft and J. Pett-Ridge and J. F. Stolz and S. M. Webb and P. K. Weber and P. C. W. Davies and A. D. Anbar and R. S. Oremland},
  title = {A Bacterium That Can Grow by Using Arsenic Instead of Phosphorus},
  journal = {Science}
}

@article{Nature1966,
  doi = {10.1038/211897a0},
  url = {https://doi.org/10.1038%2F211897a0},
  year  = {1966},
  month = {aug},
  publisher = {Springer Nature},
  volume = {211},
  number = {5052},
  pages = {897--898},
  title = {Preprints Galore},
  journal = {Nature}
}

@misc{Altmetric,
  title = {How is the {Altmetric Attention Score} calculated?},
  howpublished = {\url{https://help.altmetric.com/support/solutions/articles/6000060969-how-is-the-altmetric-attention-score-calculated-}},
  note = {Accessed: 2017-02-07}
}

@misc{PreprintPolicy,
  title = {List of academic journals by preprint policy},
  howpublished = {\url{https://en.wikipedia.org/wiki/List_of_academic_journals_by_preprint_policy}},
  note = {Accessed: 2017-02-07}
}

@misc{Sherpa,
  title = {Publisher copyright policies & self-archiving},
  howpublished = {\url{http://www.sherpa.ac.uk/romeo/index.php}},
  note = {Accessed: 2017-02-07}
}

@misc{ICMJE,
	title = {Recommendations for the Conduct, Reporting, Editing, and Publication of Scholarly Work in Medical Journals},
  howpublished = {\url{http://www.icmje.org/news-and-editorials/icmje-recommendations_annotated_dec16.pdf}},
  note = {Accessed: 2017-02-07}
}
